<record><leader>00000cas a2200000 a 4500</leader><controlfield tag="001">33965486</controlfield><controlfield tag="008">951228d18651866miuwr ne      0    0eng c</controlfield><datafield ind1=" " ind2=" " tag="010"><subfield code="a">sn 95077568 </subfield></datafield><datafield ind1=" " ind2=" " tag="040"><subfield code="a">MHN</subfield><subfield code="b">eng</subfield><subfield code="c">MHN</subfield><subfield code="d">OCL</subfield><subfield code="d">OCLCQ</subfield><subfield code="d">OCLCF</subfield><subfield code="d">OCLCO</subfield></datafield><datafield ind1="1" ind2=" " tag="029"><subfield code="a">AU@</subfield><subfield code="b">000012146877</subfield></datafield><datafield ind1=" " ind2=" " tag="042"><subfield code="a">pcc</subfield></datafield><datafield ind1=" " ind2=" " tag="043"><subfield code="a">n-us-mi</subfield></datafield><datafield ind1="0" ind2="0" tag="245"><subfield code="a">Adrian weekly times.</subfield></datafield><datafield ind1="1" ind2="7" tag="246"><subfield code="a">Weekly times</subfield></datafield><datafield ind1=" " ind2=" " tag="260"><subfield code="a">Adrian, Lenawee County, Mich. :</subfield><subfield code="b">Wm. Humphrey</subfield></datafield><datafield ind1=" " ind2=" " tag="300"><subfield code="a">v.</subfield></datafield><datafield ind1=" " ind2=" " tag="310"><subfield code="a">Weekly</subfield></datafield><datafield ind1="1" ind2=" " tag="362"><subfield code="a">Began in 1865.</subfield></datafield><datafield ind1="0" ind2=" " tag="362"><subfield code="a">-v. 2, no. 16 (Dec. 28, 1866).</subfield></datafield><datafield ind1=" " ind2=" " tag="580"><subfield code="a">Daily ed.: Adrian daily times?</subfield></datafield><datafield ind1=" " ind2=" " tag="580"><subfield code="a">Merged with: Adrian expositor, to form: Adrian weekly times. And expositor.</subfield></datafield><datafield ind1=" " ind2=" " tag="588"><subfield code="a">Description based on: Vol. 1, no. 6 (Oct. 20, 1865).</subfield></datafield><datafield ind1=" " ind2="0" tag="651"><subfield code="a">Adrian (Mich.)</subfield><subfield code="v">Newspapers.</subfield></datafield><datafield ind1=" " ind2="0" tag="651"><subfield code="a">Lenawee County (Mich.)</subfield><subfield code="v">Newspapers.</subfield></datafield><datafield ind1=" " ind2="7" tag="655"><subfield code="a">Newspapers.</subfield><subfield code="2">fast</subfield><subfield code="0">(OCoLC)fst01423814</subfield></datafield><datafield ind1=" " ind2="7" tag="651"><subfield code="a">Michigan</subfield><subfield code="z">Adrian.</subfield><subfield code="2">fast</subfield><subfield code="0">(OCoLC)fst01225781</subfield></datafield><datafield ind1=" " ind2="7" tag="651"><subfield code="a">Michigan</subfield><subfield code="z">Lenawee County.</subfield><subfield code="2">fast</subfield><subfield code="0">(OCoLC)fst01211964</subfield></datafield><datafield ind1=" " ind2=" " tag="752"><subfield code="a">United States</subfield><subfield code="b">Michigan</subfield><subfield code="c">Lenawee</subfield><subfield code="d">Adrian.</subfield></datafield><datafield ind1="1" ind2=" " tag="775"><subfield code="t">Adrian daily times</subfield></datafield><datafield ind1="0" ind2="0" tag="780"><subfield code="t">Adrian weekly watchtower</subfield><subfield code="w">(DCLC)sn 97063329</subfield><subfield code="w">(OCoLC)37211809</subfield></datafield><datafield ind1="1" ind2="7" tag="785"><subfield code="t">Adrian expositor</subfield><subfield code="w">(DLC)sn 85026634</subfield><subfield code="w">(OCoLC)12309198</subfield></datafield><datafield ind1="1" ind2="7" tag="785"><subfield code="t">Adrian weekly times. And expositor</subfield><subfield code="w">(DLC)sn 83016165</subfield><subfield code="w">(OCoLC)9500610</subfield></datafield></record>